<record><leader>01734cam a2200481 i 4500</leader><controlfield tag="001">6803462</controlfield><controlfield tag="003">OCoLC</controlfield><controlfield tag="005">20150123155121.0</controlfield><controlfield tag="008">140717t20152015nyu      b    000 1 eng  </controlfield><datafield ind1=" " ind2=" " tag="010"><subfield code="a">  2014023125</subfield></datafield><datafield ind1=" " ind2=" " tag="020"><subfield code="a">9780393922417</subfield><subfield code="q">pbk.</subfield></datafield><datafield ind1=" " ind2=" " tag="020"><subfield code="a">0393922413</subfield><subfield code="q">pbk.</subfield></datafield><datafield ind1="8" ind2=" " tag="024"><subfield code="a">40024316130</subfield></datafield><datafield ind1=" " ind2=" " tag="035"><subfield code="a">ocn883962453</subfield></datafield><datafield ind1=" " ind2=" " tag="040"><subfield code="a">DLC</subfield><subfield code="b">eng</subfield><subfield code="e">rda</subfield><subfield code="c">DLC</subfield><subfield code="d">YDX</subfield><subfield code="d">YDXCP</subfield><subfield code="d">OCLCO</subfield><subfield code="d">OCLCQ</subfield><subfield code="d">YUS</subfield><subfield code="d">ZCU</subfield><subfield code="d">COO</subfield><subfield code="d">UAB</subfield><subfield code="d">AEU</subfield></datafield><datafield ind1=" " ind2=" " tag="042"><subfield code="a">pcc</subfield></datafield><datafield ind1=" " ind2=" " tag="043"><subfield code="a">e-ie---</subfield></datafield><datafield ind1="0" ind2="0" tag="050"><subfield code="a">PR4644</subfield><subfield code="b">.C3 2015</subfield></datafield><datafield ind1="0" ind2="0" tag="082"><subfield code="a">823/.7</subfield><subfield code="2">23</subfield></datafield><datafield ind1=" " ind2=" " tag="090"><subfield code="a">PR 4644 C35 2015</subfield><subfield code="b">AEU</subfield></datafield><datafield ind1="1" ind2=" " tag="100"><subfield code="a">Edgeworth, Maria,</subfield><subfield code="d">1768-1849,</subfield><subfield code="e">author.</subfield></datafield><datafield ind1="1" ind2="0" tag="245"><subfield code="a">Castle Rackrent :</subfield><subfield code="b">authoritative text, backgrounds and contexts, criticism /</subfield><subfield code="c">Maria Edgeworth ; edited by Ryan Twomey, MacQuarie University.</subfield></datafield><datafield ind1=" " ind2=" " tag="250"><subfield code="a">First edition.</subfield></datafield><datafield ind1=" " ind2="1" tag="264"><subfield code="a">New York :</subfield><subfield code="b">W.W. Norton &amp; Company,</subfield><subfield code="c">[2015]</subfield></datafield><datafield ind1=" " ind2="4" tag="264"><subfield code="c">&#169;2015</subfield></datafield><datafield ind1=" " ind2=" " tag="300"><subfield code="a">xii, 211 pages ;</subfield><subfield code="c">22 cm.</subfield></datafield><datafield ind1=" " ind2=" " tag="336"><subfield code="a">text</subfield><subfield code="b">txt</subfield><subfield code="2">rdacontent</subfield></datafield><datafield ind1=" " ind2=" " tag="337"><subfield code="a">unmediated</subfield><subfield code="b">n</subfield><subfield code="2">rdamedia</subfield></datafield><datafield ind1=" " ind2=" " tag="338"><subfield code="a">volume</subfield><subfield code="b">nc</subfield><subfield code="2">rdacarrier</subfield></datafield><datafield ind1="1" ind2=" " tag="490"><subfield code="a">Norton critical editions</subfield></datafield><datafield ind1=" " ind2=" " tag="504"><subfield code="a">Includes bibliographical references.</subfield></datafield><datafield ind1=" " ind2=" " tag="596"><subfield code="a">43</subfield></datafield><datafield ind1="1" ind2="0" tag="600"><subfield code="a">Edgeworth, Maria,</subfield><subfield code="d">1768-1849.</subfield><subfield code="t">Castle Rackrent.</subfield></datafield><datafield ind1=" " ind2="0" tag="650"><subfield code="a">Administration of estates</subfield><subfield code="v">Fiction.</subfield></datafield><datafield ind1=" " ind2="0" tag="650"><subfield code="a">Landlord and tenant</subfield><subfield code="v">Fiction.</subfield></datafield><datafield ind1=" " ind2="0" tag="650"><subfield code="a">Rural conditions</subfield><subfield code="v">Fiction.</subfield></datafield><datafield ind1=" " ind2="0" tag="650"><subfield code="a">Poor families</subfield><subfield code="v">Fiction.</subfield></datafield><datafield ind1=" " ind2="0" tag="650"><subfield code="a">Rich people</subfield><subfield code="v">Fiction.</subfield></datafield><datafield ind1=" " ind2="0" tag="651"><subfield code="a">Ireland</subfield><subfield code="x">Social life and customs</subfield><subfield code="v">Fiction.</subfield></datafield><datafield ind1="1" ind2=" " tag="700"><subfield code="a">Twomey, Ryan,</subfield><subfield code="e">editor.</subfield></datafield><datafield ind1=" " ind2="0" tag="830"><subfield code="a">Norton critical edition.</subfield></datafield><datafield ind1=" " ind2=" " tag="949"><subfield code="a">PR 4644 C35 2015</subfield><subfield code="c">1</subfield><subfield code="h">UAHS-B</subfield><subfield code="i">0162035234788</subfield></datafield><datafield ind1=" " ind2=" " tag="926"><subfield code="a">PR 4644 C35 2015</subfield><subfield code="w">LC</subfield><subfield code="c">1</subfield><subfield code="i">0162035234788</subfield><subfield code="d">4/11/2016</subfield><subfield code="e">3/3/2016</subfield><subfield code="l">ON_SHELF</subfield><subfield code="m">UAHSS</subfield><subfield code="n">3</subfield><subfield code="p">$150.00</subfield><subfield code="r">Y</subfield><subfield code="s">Y</subfield><subfield code="t">BOOK</subfield><subfield code="u">2/11/2015</subfield></datafield></record>